<record><leader>00000cas a22000007a 4500</leader><controlfield tag="001">10133332</controlfield><controlfield tag="008">831116c19829999wiudn ne      0   a0eng d</controlfield><datafield ind1=" " ind2=" " tag="010"><subfield code="a">sn 83009945 </subfield></datafield><datafield ind1=" " ind2=" " tag="040"><subfield code="a">NSD</subfield><subfield code="b">eng</subfield><subfield code="c">NSD</subfield><subfield code="d">NPV</subfield><subfield code="d">OCLCQ</subfield></datafield><datafield ind1=" " ind2=" " tag="012"><subfield code="m">1</subfield></datafield><datafield ind1="1" ind2=" " tag="022"><subfield code="a">0746-5866</subfield><subfield code="l">0746-5866</subfield><subfield code="2">1</subfield></datafield><datafield ind1="1" ind2=" " tag="029"><subfield code="a">NZ1</subfield><subfield code="b">16075848</subfield></datafield><datafield ind1=" " ind2=" " tag="032"><subfield code="a">464620</subfield><subfield code="b">USPS</subfield></datafield><datafield ind1=" " ind2=" " tag="037"><subfield code="b">Northern Lakes Publishing Company, 314 Courtney Street, Rhinelander, WI 54501</subfield></datafield><datafield ind1=" " ind2=" " tag="042"><subfield code="a">nsdp</subfield></datafield><datafield ind1=" " ind2=" " tag="045"><subfield code="a">x8--</subfield></datafield><datafield ind1=" " ind2=" " tag="052"><subfield code="a">4123</subfield><subfield code="b">O5</subfield></datafield><datafield ind1="0" ind2=" " tag="130"><subfield code="a">Daily news (Rhinelander, Wis.)</subfield></datafield><datafield ind1=" " ind2="4" tag="222"><subfield code="a">The Daily news</subfield><subfield code="b">(Rhinelander, Wis.)</subfield></datafield><datafield ind1="1" ind2="4" tag="245"><subfield code="a">The daily news.</subfield></datafield><datafield ind1="1" ind2="3" tag="246"><subfield code="a">Rhinelander daily news</subfield></datafield><datafield ind1=" " ind2=" " tag="260"><subfield code="a">Rhinelander, Wis. :</subfield><subfield code="b">Northern Lakes Pub.,</subfield><subfield code="c">1982-</subfield></datafield><datafield ind1=" " ind2=" " tag="300"><subfield code="a">v. :</subfield><subfield code="b">ill.</subfield></datafield><datafield ind1=" " ind2=" " tag="310"><subfield code="a">Daily (except Sat.)</subfield></datafield><datafield ind1="0" ind2=" " tag="362"><subfield code="a">Vol. 56, no. 267 (Jan. 3, 1982)-</subfield></datafield><datafield ind1=" " ind2=" " tag="500"><subfield code="a">Sunday issue labeled: Sunday ed., Jan. 3, 1982-</subfield></datafield><datafield ind1=" " ind2=" " tag="500"><subfield code="a">Editor: R.W. Timmons, Jan. 3, 1982-</subfield></datafield><datafield ind1=" " ind2=" " tag="525"><subfield code="a">Supplements accompany some issues.</subfield></datafield><datafield ind1=" " ind2=" " tag="752"><subfield code="a">United States</subfield><subfield code="b">Wisconsin</subfield><subfield code="c">Oneida</subfield><subfield code="d">Rhinelander.</subfield></datafield><datafield ind1="0" ind2="0" tag="780"><subfield code="t">Rhinelander daily news (Rhinelander, Wis. : 1968)</subfield><subfield code="w">(DLC)sn 86086449</subfield></datafield></record>